<?xml version="1.0" encoding="UTF-8"?><collection xmlns="http://www.loc.gov/MARC21/slim"><record><leader>00496nam--2200181-i-4500</leader><controlfield tag="001">000028667</controlfield><controlfield tag="002">20161230</controlfield><controlfield tag="005">20170101234901</controlfield><controlfield tag="008">060222s1000------------r-----000-0-eng-d</controlfield><datafield ind1=" " ind2=" " tag="080"><subfield code="a">538.971</subfield></datafield><datafield ind1=" " ind2=" " tag="100"><subfield code="a">Lannoo, M</subfield></datafield><datafield ind1=" " ind2=" " tag="245"><subfield code="a">Atomic and electronic structure of surfaces. Theoretical foundtions</subfield></datafield><datafield ind1=" " ind2=" " tag="260"><subfield code="a">Berlin</subfield><subfield code="b">Springer-Verlag</subfield><subfield code="c">1991</subfield></datafield><datafield ind1=" " ind2=" " tag="300"><subfield code="a">XII + 256p</subfield></datafield><datafield ind1=" " ind2=" " tag="490"><subfield code="a">Springer Series In Surfacce Sciences</subfield></datafield><datafield ind1=" " ind2=" " tag="700"><subfield code="a">Friedel, P</subfield></datafield><datafield ind1=" " ind2=" " tag="852"><subfield code="a">80314</subfield></datafield><datafield ind1=" " ind2=" " tag="CAT"><subfield code="a">SYS</subfield><subfield code="c">20170101</subfield><subfield code="h">234901</subfield></datafield></record></collection>